@inproceedings{viola2001rapid,
  title={Rapid object detection using a boosted cascade of simple features},
  author={Viola, Paul and Jones, Michael},
  booktitle={Computer Vision and Pattern Recognition, 2001. CVPR 2001. Proceedings of the 2001 IEEE Computer Society Conference on},
  volume={1},
  pages={I--I},
  year={2001},
  organization={IEEE}
},
@inproceedings{li2007performance,
  title={Performance analysis on utilizing directional antenna in high-density WLAN},
  author={Li, Guoqing and Zhu, Jing},
  booktitle={null},
  pages={90},
  year={2007},
  organization={IEEE}
}